@book{MatsumotoYukio2002AitM,
series = {Iwanami series in modern mathematics},
publisher = {American Math. Soc.},
isbn = {0821810227},
year = {2002},
title = {An introduction to Morse theory},
language = {english},
address = {Providence, RI},
author = {Matsumoto, Yukio},
keywords = {Morse-Theorie},
}


